@online{tel_scheme,
    author = {Sanguinetti, Diego},
    year = {},
    title = "",
    howpublished = {\url{https://commons.wikimedia.org/w/index.php?curid=36531862}},
    addendum = "(accessed: 11.22.2020)"
}

@online{MTProto,
    author = {},
    year = {},
    title = "MTProto Mobile Protocol",
    howpublished = {\url{https://core.telegram.org/mtproto}},
    addendum = "(accessed: 11.23.2020)"
}

@online{tel_wiki,
    author = {Multiple},
    year = {2020},
    title = "Telegram Wikipedia page",
    howpublished = {\url{https://en.wikipedia.org/wiki/Telegram_(software)}},
    addendum = "(accessed: 11.23.2020)"
}

@online{what_medium,
    author = {Panghal, Amit},
    year = {2018},
    title = "WhatsApp‘s End to End Encryption, How does it work?",
    howpublished = {\url{https://medium.com/@panghalamit/whatsapp-s-end-to-end-encryption-how-does-it-work-80020977caa0}},
    addendum = "(accessed: 11.24.2020)"
}

@online{what_tech_paper,
    author = {},
    year = {2020},
    title = "WhatsApp Encryption Overview",
    howpublished = {\url{https://scontent.whatsapp.net/v/t39.8562-34/122249142_469857720642275_2152527586907531259_n.pdf/WA_Security_WhitePaper.pdf?ccb=2&_nc_sid=2fbf2a&_nc_ohc=zyXCDnfHxJEAX_DdSo3&_nc_ht=scontent.whatsapp.net&oh=44e5aa8afd1092357784e47a197b5b32&oe=5FD7D019}},
    addendum = "(accessed: 11.24.2020)"
}

@online{what_wiki,
    author = {},
    year = {2020},
    title = "WhatsApp Wikipedia page",
    howpublished = {\url{https://en.wikipedia.org/wiki/WhatsApp#Technical}},
    addendum = "(accessed: 11.24.2020)"
}

@online{dr_scheme,
    author = {Pink kitty111},
    year = {},
    title = "",
    howpublished = {\url{https://en.wikipedia.org/wiki/Double_Ratchet_Algorithm#/media/File:Axolotl_ratchet_scheme.svg}},
    addendum = "(accessed: 11.24.2020)"
}

@online{signal,
    author = {},
    year = {},
    title = "Signal Technical Information",
    howpublished = {\url{https://signal.org/docs/
}},
    addendum = "(accessed: 11.24.2020)"
}

@online{tel_policy,
    author = {},
    year = {},
    title = "Telegram privacy policy",
    howpublished = {\url{https://telegram.org/privacy
}},
    addendum = "(accessed: 11.25.2020)"
}

@online{what_policy,
    author = {},
    year = {},
    title = "WhatsApp privacy policy",
    howpublished = {\url{https://www.whatsapp.com/legal/client
}},
    addendum = "(accessed: 11.25.2020)"
}

@online{what_security_threat,
    author = {O'Flaherty, Kate},
    year = {2020},
    title = "WhatsApp Security: Is This Hidden Flaw A New Reason To Quit?",
    howpublished = {\url{https://www.forbes.com/sites/kateoflahertyuk/2020/02/29/whatsapp-security-is-this-hidden-flaw-a-new-reason-to-leave/
}},
    addendum = "(accessed: 11.25.2020)"
}

@online{what_ete,
    author = {Evans, Jon},
    year = {2014},
    title = "WhatsApp Partners With Open WhisperSystems To End-To-End Encrypt Billions Of Messages A Day",
    howpublished = {\url{https://techcrunch.com/2014/11/18/end-to-end-for-everyone/?guccounter=1&guce_referrer=aHR0cHM6Ly9lbi53aWtpcGVkaWEub3JnLw&guce_referrer_sig=AQAAABascdn-ZgNbPnrTm2wQQtPv9HOQAwaghdjZXqBwdrr52lEJzbnV2nT7FYbWMDrMCMQzKD8gPdV-Sm4HaEHxiLwvpX5DyTUyXIai1fZbspDejl23URUUOO5eZeTJE1MLG3cUrYOLQbTn4nrIXnTiv-MRTeBI2xOLOArWg7ZIVzvB
}},
    addendum = "(accessed: 11.26.2020)"
}

@online{MT_insecure,
    author = {Jakobsen, Jakob and Orlandi, Claudio},
    year = {2015},
    title = "On the CCA (in)security of MTProto",
    howpublished = {\url{https://eprint.iacr.org/2015/1177.pdf
}},
    addendum = "(accessed: 11.26.2020)"
}

@online{2factor,
    author = {Lokot, Tetyana},
    year = {2016},
    title = "Is Telegram Really Safe for Activists Under Threat? These Two Russians Aren't So Sure.",
    howpublished = {\url{https://advox.globalvoices.org/2016/05/02/is-telegram-really-safe-for-activists-under-threat-these-two-russians-arent-so-sure/
}},
    addendum = "(accessed: 11.26.2020)"
}

@online{contest1,
    author = {The Telegram Team},
    year = {2014},
    title = "Winter Contest Ends",
    howpublished = {\url{https://telegram.org/blog/winter-contest-ends
}},
    addendum = "(accessed: 11.26.2020)"
}

@online{contest2,
    author = {The Telegram Team},
    year = {2015},
    title = "Crypto Contest Ends",
    howpublished = {\url{https://telegram.org/blog/cryptocontest-ends
}},
    addendum = "(accessed: 11.26.2020)"
}

@online{brasil_leak,
    author = {},
    year = {2019},
    title = "Secret Brazil Archive",
    howpublished = {\url{https://theintercept.com/series/secret-brazil-archive/
}},
    addendum = "(accessed: 11.26.2020)"
}

@online{russia_leak,
    author = {Brewster, Thomas},
    year = {2019},
    title = "Mystery Russian Telegram Hacks Intercept Secret Codes To Spy On Messages",
    howpublished = {\url{https://www.forbes.com/sites/thomasbrewster/2019/12/12/mystery-russian-telegram-hacks-intercept-secret-codes-to-spy-on-messages/
}},
    addendum = "(accessed: 11.26.2020)"
}

@online{telegram_gate,
    author = {},
    year = {2019},
    title = "Telegramgate Wikipedia page",
    howpublished = {\url{https://en.wikipedia.org/wiki/Telegramgate
}},
    addendum = "(accessed: 11.26.2020)"
}

@online{iran_leak,
    author = {},
    year = {2020},
    title = "Check Point researchers: Iranian hackers can bypass encrypted apps like Telegram",
    howpublished = {\url{https://www.securitymagazine.com/articles/93423-check-point-researchers-Iranian-hackers-can-bypass-encrypted-apps-like-telegram
}},
    addendum = "(accessed: 11.26.2020)"
}

@online{new_EU,
    author = {Doffman, Zak},
    year = {2020},
    title = "WhatsApp And Signal Replaced By New Mystery Messaging App: This EU Change Matters—Here’s Why",
    howpublished = {\url{https://www.forbes.com/sites/zakdoffman/2020/02/27/whatsapp-and-signal-replaced-by-new-mystery-messaging-app-this-eu-change-matters-heres-why/#5c82e0677ba9

}},
    addendum = "(accessed: 11.26.2020)"
}

@online{china_cen,
    author = {Kilpatrick, Ryan},
    year = {2015},
    title = "China blocks Telegram messenger, blamed for aiding human rights lawyers",
    howpublished = {\url{https://hongkongfp.com/2015/07/13/china-blocks-telegram-messenger-blamed-for-aiding-human-rights-lawyers/
}},
    addendum = "(accessed: 11.26.2020)"
}

@online{honk_cen,
    author = {},
    year = {2019},
    title = "Urgent Statement of HKISPA on Selective Blocking of Internet Services",
    howpublished = {\url{https://www.hkispa.org.hk/139-urgent-statement-of-hkispa-on-selective-blocking-of-internet-services.html
}},
    addendum = "(accessed: 11.26.2020)"
}

@online{bahrain_cen,
    author = {},
    year = {2016},
    title = "leading-bahraini-isps-are-blocking-telegram-traffic",
    howpublished = {\url{https://bahrainwatch.org/blog/2016/06/28/leading-bahraini-isps-are-blocking-telegram-traffic/
}},
    addendum = "(wikipedia source, link is not directly accessible)"
}

@online{pakistan_cen,
    author = {ProPK Staff},
    year = {2017},
    title = "Telegram Blocked in Pakistan!",
    howpublished = {\url{https://propakistani.pk/2017/11/17/telegram-blocked-pakistan/
}},
    addendum = "(accessed: 11.26.2020)"
}

@online{india_cen,
    author = {Ravikumar, Sai Sachin},
    year = {2019},
    title = "Reddit, Telegram among websites blocked in India: internet groups",
    howpublished = {\url{https://in.reuters.com/article/us-india-internet/reddit-telegram-among-websites-blocked-in-india-internet-groups-idINKCN1RF14D
}},
    addendum = "(accessed: 11.26.2020)"
}

@online{russia_cen,
    author = {},
    year = {2020},
    title = "Blocking Telegram in Russia",
    howpublished = {\url{https://en.wikipedia.org/wiki/Blocking_Telegram_in_Russia
}},
    addendum = "(accessed: 11.26.2020)"
}

@online{iran_cen,
    author = {},
    year = {2020},
    title = "Telegram in Iran",
    howpublished = {\url{https://en.wikipedia.org/wiki/Telegram_in_Iran 
}},
    addendum = "(accessed: 11.26.2020)"
}

@online{usa_weak,
    author = {Grothaus, Michael},
    year = {2017},
    title = "Telegram founder: U.S. intelligence agencies tried to bribe us to weaken encryption",
    howpublished = {\url{https://www.fastcompany.com/4040876/telegram-founder-u-s-intelligence-agencies-tried-to-bride-him-to-weaken-encryption 
}},
    addendum = "(accessed: 11.26.2020)"
}

@online{threat,
    author = {Chiu, Karen},
    year = {2019},
    title = "Why Telegram isn’t as secure as you think",
    howpublished = {\url{https://www.scmp.com/abacus/tech/article/3029415/why-telegram-isnt-secure-you-think
}},
    addendum = "(accessed: 11.26.2020)"
}

@online{what_threat,
    author = {},
    year = {2019},
    title = "Reception and criticism of WhatsApp security and privacy features",
    howpublished = {\url{https://en.wikipedia.org/wiki/Reception_and_criticism_of_WhatsApp_security_and_privacy_features
}},
    addendum = "(accessed: 11.26.2020)"
}
